@Book{corba,
  title =        {{The Common Object Request Broker:} Architecture and
                  Specification, revision 3.0.2},
  author =       {OMG},
  publisher =    {OMG},
  year =         2002,
  month =        dec,
  note =         {OMG Technical Document formal/2002-12-02}
}

@Book{corba-ada-mapping1.2:2001,
  author =	 {OMG},
  title =	 {Ada Language Mapping Specification, v1.2},
  publisher =	 {OMG},
  year =	 2001,
  month =	 oct,
  note =	 {OMG Technical Document formal/2001-10-42}
}

@Book{ada-rm,
        title = {{Information Technology -- Programming Languages -- Ada}},
        author= {ISO},
        publisher = {ISO},
        year = 1995,
        month = feb,
        note = "ISO/IEC/ANSI 8652:1995",
}

@String{sun = {{SUN}}}

@misc{jms,
    author = sun,
    year = 1999,
    title = {{Java Message Service}},
    text = "Sun Microsystems, Java Message Service, http:/java.sun.com/jms"
}

@Misc{aws,
  title =        {{Ada Web Server (AWS) 1.3}},
  author =       {P. Obry},
  year =         {2003},
  text =         {\url{http://libre.act-europe.fr/aws/}}
}

@Manual{soap12primer,
  title =        {{Simple Object Access Protocol (SOAP) 1.2: primer}},
  organization = {W3C},
  year =         {2003},
  month =        {june},
  note =         {W3C recommandation},
  url =          {\url{http://www.w3.org/TR/soap12-part0/}}
}

@Manual{xml,
  title =        {{Extensible Markup Language (XML) 1.0}},
  organization = {W3C},
  year =         2000,
  month =        october,
  note =         {W3C recommandation},
  url =          {\url{http://www.w3.org/TR/REC-xml/}}
}