@String{sun = {{SUN}}}
@String{ieee-press = {IEEE Computer Society Press}}


@Book{gamma94design,
    author = "E. Gamma and R. Helm and R. Johnson and J. Vlissides",
    title = {{Design Patterns:} Elements of Reusable Object-Oriented Software},
    publisher = "Addison Wesley",
    address = "Massachusetts",
    isbn = "0-201-63361-2",
    year = "1994"
}

@inproceedings{obry00aws,
    author = {P. Obry},
    title = {{AWS:} Ada Web Server},
    publisher = {Ada France},
    year = 2000,
    month = nov,
    booktitle = {Actes d'Ada-France, session spéciale Ada et Internet}
}
@InProceedings{pautet01func2arch,
  author =       {Thomas Quinot and Fabrice Kordon and Laurent Pautet},
  title =        {{From functional to architectural analysis of a
                  middleware supporting interoperability across
                  heterogeneous distribution models}},
  booktitle =    {{Proceedings of the 3rd International Symposium on
                  Distributed Objects and Applications (DOA'01)}},
  year =         2001,
  month =        sep,
  publisher = ieee-press,
  url = {http://www.infres.enst.fr/~pautet/papers/pautet01func2arch.ps}
}

@inproceedings{ gore01designing,
    author = "Pradeep Gore and Ron Cytron and Douglas C. Schmidt and Carlos O'Ryan",
    title = "Designing and Optimizing a Scalable {CORBA} Notification Service",
    booktitle = "{LCTES}/{OM}",
    pages = "196-204",
    year = "2001",
    url = "citeseer.nj.nec.com/gore01designing.html" }@InProceedings{baker01m2m,
  author =       {S. Baker},
  title =        {Middleware To Middleware},
  booktitle =    {{Proceedings of the 3rd International Symposium on
                  Distributed Objects and Applications (DOA'01)}},
  year =         2001,
  month =        sep}

@inproceedings{schmidt02amh,
  author = {M. Deshpande and D. Schmidt and C. O'Ryan and D. Brunsch},
  booktitle = {Proceedings of DOA'02},
  title = {Design and Performance of Asynchronous Method Handling for CORBA},
  year = 2002
}
@TechReport{pautet01hdr,
  author =	 {Laurent Pautet},
  title =	 {Intergiciels schizophrènes~: une solution à
                  l'interopérabilité entre modèles de répartition},
  institution =	 {Université Pierre et Marie Curie -- Paris VI},
  year =	 2001,
  type =	 {Mémoire d'habilitation à diriger des recherches},
  month =	 dec
}

@inproceedings{pautet01architecture,
   author = {T. Quinot and L. Pautet and F. Kordon},
   institution = {ENST},
   month = jun,
   booktitle = {Proceedings of PDPTA'2001},
   address = {Las Vegas, USA},
   title = {{Architecture for a reuseable object-oriented polymorphic middleware}},
   year = {2001},
   url = {http://www.infres.enst.fr/~pautet/papers/pautet01architecture.ps}
}

@InProceedings{blair98architecture,
  author =       {Blair, G. and Coulson, G. and Robin,
                  P. and Papathomas, M.},
  title =        {{An architecture for Next Generation Middleware}},
  booktitle =    {{Proceedings of the IFIP International Conference on
                  Distributed Systems Platforms and Open Distributed
                  Processing (Middleware'98)}},
  year =         1998,
  month =        sep,
  publisher =    {Springer Verlag}
}

@article{ schmidt97applying,
    author = "D. Schmidt and Christ Cleeland",
    title = "Applying patterns to develop extensible and maintainable {ORB} middleware",
    journal = "Communications of the ACM, CACM",
    volume = "40",
    number = {~12},
    publisher = acm-press,
    address = "New York, NY",
    year = "1997",
    url = "citeseer.nj.nec.com/article/schmidt97applying.html"
}

@inproceedings{dumant98jonathan,
    author = "B. Dumant and F. Horn and F. Dang Tran and J-B. Stefani",
    title = {{Jonathan:} an Open Distributed Processing environment in Java},
    booktitle = "Proceedings of the 1st International Symposium
                on Advanced Distributed Systems (ISADS'2000)",
    publisher = "Springer Verlag",
    address = "Londres",
    pages = "175-190",
    year = "1998"
}

@InProceedings{singhai98quarterware,
  author =       {A. Singhai and A. Sane and R. Campbell},
  title =        {{Quarterware for Middleware}},
  booktitle =    {Proceedings of ICDCS'98},
  year =         1998,
  month =        may,
  publisher =    {IEEE},
  url =          {http://choices.cs.uiuc.edu/singhai/Papers/icdcs98.pdf}
}

@InProceedings{francu99act,
  author =       {C. Francu and I. Marsic},
  title =        {{An Advanced Communication Toolkit for Implementing
                  the Broker Pattern}},
  booktitle =    {Proceedings of ICDCS'99},
  year =         1999,
  month =        jun,
  publisher =    {IEEE},
  url = {http://www.caip.rutgers.edu/~francu/DISCIPLE/ACT/icdcs99.ps.gz}
}

@inproceedings{pautet00glade-rt,
  author =       {Laurent Pautet and Samuel Tardieu},
  title =        {{GLADE: a Framework for Building Large
                  Object-Oriented Real-Time Distributed Systems}},
  booktitle =    "Proceedings of the 3rd IEEE International Symposium
                  on Object-Oriented Real-Time Distributed Computing
                  (ISORC'00)",
  address =      {Newport Beach, California, USA},
  publisher = ieee-press,
  month =        jun,
  year =         2000,
  url = {http://www.infres.enst.fr/~pautet/papers/pautet00glade-rt.ps}
}

@inproceedings{shapiro94binding,
    author = "M. Shapiro",
    title = "A Binding Protocol for Distributed Shared Objects",
    booktitle = "Proc. of the 14th Int'l Conf. on Distributed Computing Systems ({ICDCS}-14)",
    pages = "134-141",
    address =      "Poznan (Pologne)",
    month =        jun,
    year = "1994"
}

@misc{odp-overview,
    author = {ODP},
    title = {{ODP Reference Model:} Overview},
    note = {{ITU-T -{}- ISO/IEC Recommendation X.901 -{}- International Standard
 10746-1}},
    year = 1995
}

@Book{blair97open,
    author = "G. Blair and J. Stefani",
    title = "Open Distributed Processing and Multimedia",
    publisher = "Addison Wesley",
    year = "1997"
}

@InProceedings{burns98ravenscar,
  author =       {B. Dobbing and A. Burns},
  title =        {{The Ravenscar tasking profile for high integrity
                  real-time programs}},
  booktitle =    {Proceedings of SigAda'98},
  year =         1998,
  address =      {Washington, DC, USA},
  month =        nov
}

@misc{jms,
    author = sun,
    year = 1999,
    title = {{Java Message Service (JMS)}},
    text = "Sun Microsystems, Java Message Service, http:/java.sun.com/jms"
}

@Book{matteis01wirelessjms,
    author = {Silvano Maffei},
    title = {JMS for Mobile Applications and Wireless Communications},
    booktitle = {Professional JMS Programming},
    publisher = {Wrox Press},
    year= 2001
}

@Book{corba,
  title =        {{The Common Object Request Broker:} Architecture and
                  Specification, revision 3.0},
  author =       {OMG},
  publisher =    {OMG},
  year =         2002,
  month =        nov,
  note =         {OMG Technical Document}
}

@Book{corba_miop,
  title =        {Unreliable Multicast Inter-ORB Protocol Specification},
  author =       {OMG},
  publisher =    {OMG},
  year =         2001,
  month =        nov,
  note =         {OMG Final Adopted Specification}
}

@Book{corba_wireless,
  title =        {Telecom Wireless CORBA Specification},
  author =       {OMG},
  publisher =    {OMG},
  year =         2001,
  month =        jun,
  note =         {OMG Final Adopted Specification}
}

@article{rover,
    author = {A. Joseph and M. Kaashoek},
  year =         2001,
    title = {Building Reliable Mobile-Aware Applications using the Rover Toolkit},
    journal = "ACM Wireless Networks (WINET)"
}

@Manual{soap,
  title =        {{Simple Object Access Protocol (SOAP) 1.1 }},
  organization = {W3C},
  year =         2000,
  month =        may,
  note =         {W3C note},
  url =          {http://www.w3.org/TR/SOAP/}
}

@Book{ada-rm,
        title = {{Information Technology -- Programming Languages -- Ada}},
        author= {ISO},
        publisher = {ISO},
        year = 1995,
        month = feb,
        note = "ISO/IEC/ANSI 8652:1995",
}


@misc{polyorb,
    author = {L. Pautet and T. Quinot and F. Kordon et al.},
    title = {PolyORB},
    year = 2001,
    note = "\url{http://libre.act-europe.fr}"

}
@misc{joram,
    author = {ObjectWeb},
    title = {JORAM -- Java Open Reliable Asynchronous Messaging - Datasheet},
    year = 1998,
    note = "\url{http://www.objectweb.org}"
}

@misc{xmlblaster,
    author = {xmlBlaster.org},
    title = {xmlBlaster},
    year = 2000,
    note = "\url{http://www.xmlblaster.org}"
}

@misc{openjms,
    author = {exolab.org},
    title = {OpenJMS},
    year = 2000,
    note = "\url{http://openjms.exolab.org}"
}

@misc{sonicmq,
    author = {Sonic Software},
    title = {SonicMQ Bridge for MQSeries User's Guide},
    year = 2000,
    note = "\url{http://www.sonicsoftware.com}"
}

@misc{mint,
    author = {MINT Communication Systems Inc.},
    title = {Financial Middleware - From Theory to Reality},
    year = 2000,
    note = "\url{http://www.simc-inc.org/archive9798/Apr20-1998/shefi.pdf}"}
}



